@article{hughes2015effect,
  title={Effect of sediment properties on the thermal performance of submarine HV cables},
  author={Hughes, Timothy J and Henstock, Timothy J and Pilgrim, James A and Dix, Justin K and Gernon, Thomas M and Thompson, Charlotte EL},
  journal={IEEE Transactions on Power Delivery},
  volume={30},
  number={6},
  pages={2443--2450},
  year={2015},
  publisher={IEEE}
}
@article{emeana2016thermal,
  title={The thermal regime around buried submarine high-voltage cables},
  author={Emeana, Chinedu John and Hughes, TJ and Dix, JK and Gernon, TM and Henstock, TJ and Thompson, CEL and Pilgrim, JA},
  journal={Geophysical Journal International},
  volume={206},
  number={2},
  pages={1051--1064},
  year={2016},
  publisher={Oxford University Press}
}
@inproceedings{t2019combined,
  title={Combined Conduction and Natural Convection Cooling of Offshore Power Cables in Porous Sea Soil},
  author={T'Jollyn, Ilya and Callewaert, Manly and Nonneman, Jasper and Van de Wauw, Johan and Ameel, Bernd and De Pacpe, Michel},
  booktitle={2019 18th IEEE Intersociety Conference on Thermal and Thermomechanical Phenomena in Electronic Systems (ITherm)},
  pages={1307--1312},
  year={2019},
  organization={IEEE}
}
@inproceedings{young2001utilizing,
  title={Utilizing thermal properties of seabed soils as cost-effective insulation for subsea flowlines},
  author={Young, Alan G and Osborne, Roger S and Frazer, Ian},
  booktitle={Offshore Technology Conference},
  year={2001},
  organization={OnePetro}
}
@article{swaffield2008methods,
  title={Methods for rating directly buried high voltage cable circuits},
  author={Swaffield, DJ and Lewin, PL and Sutton, SJ},
  journal={IET generation, transmission \& distribution},
  volume={2},
  number={3},
  pages={393--401},
  year={2008},
  publisher={IET}
}
@article{nazeri2014evaluation,
  title={An evaluation of risk of hydrate formation at the top of a pipeline},
  author={Nazeri, Mahmoud and Tohidi, Bahman and Chapoy, Antonin},
  journal={Oil and Gas Facilities},
  volume={3},
  number={02},
  pages={67--72},
  year={2014},
  publisher={OnePetro}
}
@article{daraboina2015natural,
  title={Natural gas hydrate formation and inhibition in gas/crude oil/aqueous systems},
  author={Daraboina, Nagu and Pachitsas, Stylianos and von Solms, Nicolas},
  journal={Fuel},
  volume={148},
  pages={186--190},
  year={2015},
  publisher={Elsevier}
}
@inproceedings{nysveen2005direct,
  title={Direct electrical heating of subsea pipelines-technology development and operating experience},
  author={Nysveen, Arne and Kulbotten, Harald and Bomes, AH and Hoyer-Hansen, Martin and others},
  booktitle={Record of Conference Papers Industry Applications Society 52nd Annual Petroleum and Chemical Industry Conference},
  pages={177--187},
  year={2005},
  organization={IEEE}
}
@article{neher1994calculation,
  title={The calculation or the temperature rise and load capability of cable systems},
  author={Neher, JH and McGrath, MH},
  journal={RATIO},
  volume={50},
  number={2},
  pages={5},
  year={1994},
  publisher={Citeseer}
}
@techreport{farouki1981thermal,
  title={Thermal properties of soils},
  author={Farouki, Omar T},
  year={1981},
  institution={Cold Regions Research and Engineering Lab Hanover NH}
}
@techreport{IEC60287:2006,
  title={Electric Cables - Calculation of the Current Rating},
  author={IEC60287-1},
  year={2006},
  number={1},
  institution={International Standard}
}
@article{nield1968onset,
  title={Onset of thermohaline convection in a porous medium},
  author={Nield, DA},
  journal={Water Resources Research},
  volume={4},
  number={3},
  pages={553--560},
  year={1968},
  publisher={Wiley Online Library}
}
@techreport{hardee1976boundary,
  title={Boundary layer solutions for natural convection in porous media},
  author={Hardee, HC},
  year={1976},
  institution={Sandia Labs., Albuquerque, N. Mex.(USA)}
}
@article{merkin1979free,
  title={Free convection boundary layers on axi-symmetric and two-dimensional bodies of arbitrary shape in a saturated porous medium},
  author={Merkin, JH and JH, MERKIN},
  year={1979},
  volume={22},
  pages={1461-1462},
  journal={International Journal of Heat and Mass Transfer}
}
@article{fand1986natural,
  title={Natural convection heat transfer from a horizontal cylinder embedded in a porous medium},
  author={Fand, RM and Steinberger, TE and Cheng, P},
  journal={International Journal of Heat and Mass Transfer},
  volume={29},
  number={1},
  pages={119--133},
  year={1986},
  publisher={Elsevier}
}
@article{churchill1972general,
  title={A general expression for the correlation of rates of transfer and other phenomena},
  author={Churchill, SW and Usagi, R},
  journal={AIChE Journal},
  volume={18},
  number={6},
  pages={1121--1128},
  year={1972},
  publisher={Wiley Online Library}
}
